<?xml version="1.0" encoding="UTF-8"?><collection xmlns="http://www.loc.gov/MARC21/slim"><record><leader>00499nam--2200193-i-4500</leader><controlfield tag="001">000013005</controlfield><controlfield tag="002">20161230</controlfield><controlfield tag="005">20161230201030</controlfield><controlfield tag="008">060222s1000------------r-----000-0-eng-d</controlfield><datafield ind1=" " ind2=" " tag="020"><subfield code="a">012446680X</subfield></datafield><datafield ind1=" " ind2=" " tag="040"><subfield code="a">IFIN-HH</subfield></datafield><datafield ind1=" " ind2=" " tag="080"><subfield code="a">538.975</subfield></datafield><datafield ind1="1" ind2=" " tag="100"><subfield code="a">Lewis, B</subfield></datafield><datafield ind1="1" ind2="0" tag="245"><subfield code="a">Nucleation and growth of thin films</subfield><subfield code="c">B. lewis, j.c. anderson</subfield></datafield><datafield ind1=" " ind2=" " tag="260"><subfield code="a">New York</subfield><subfield code="b">Academic Press</subfield><subfield code="c">1978</subfield></datafield><datafield ind1=" " ind2=" " tag="300"><subfield code="a">XII + 504 P</subfield></datafield><datafield ind1="1" ind2=" " tag="700"><subfield code="a">Anderson, J.C</subfield></datafield><datafield ind1=" " ind2=" " tag="852"><subfield code="a">46963</subfield><subfield code="c">539.23</subfield></datafield><datafield ind1=" " ind2=" " tag="CAT"><subfield code="a">Sys</subfield><subfield code="c">20121218</subfield><subfield code="h">141623</subfield></datafield></record></collection>